% 2-5-solving-recurrence.bib

@book{Book:GKP,
  author = {Graham, Ronald L. and Knuth, Donald E. and Patashnik, Oren},
  title = {Concrete Mathematics: A Foundation for Computer Science},
  year = {1994},
  isbn = {0201558025},
  publisher = {Addison-Wesley Longman Publishing Co., Inc.},
  address = {USA},
  edition = {2nd}
}