% file: 2-1-correctness.bib

@book{DH,
 author = {Harel, David},
 title = {Algorithmics: The Spirit of Computing},
 year = {1987},
 isbn = {0-201-19240-3},
 publisher = {Addison-Wesley Longman Publishing Co., Inc.},
 address = {Boston, MA, USA},
} 

@article{Hoare:CACM69,
 author = {Hoare, C. A. R.},
 title = {An Axiomatic Basis for Computer Programming},
 journal = {Commun. ACM},
 volume = {12},
 number = {10},
 year = {1969},
 pages = {576--580},
 publisher = {ACM},
} 
