% file: 2-2-efficiency.bib

@article{Gates:DM1979,
 author = {Gates, William H. and Papadimitriou, Christos H.},
 title = {Bounds for Sorting by Prefix Reversal},
 journal = {Discrete Math.},
 volume = {27},
 number = {1},
 month = jan,
 year = {1979},
 issn = {0012-365X},
 pages = {47--57},
 numpages = {11},
 publisher = {Elsevier Science Publishers B. V.},
} 


